@book{
      mtafpof,
      title = "Measure Theory and Fine Properties of Functions",
      author = "Evans, Laurence C. and Gariepy, Ronald F.",
      year = "2015"
}

@article{
         oneil,
         title   = "A Measure with a Large Set of Tangent Measures",
         author  = "O'Neil, Toby",
         year    = "1995",
         month   = "July",
         volume  = "123",
         number  = "7",
         journal = "AMS"
}
          